<record><leader>00000cas a22000007a 4500</leader><controlfield tag="001">14951229</controlfield><controlfield tag="008">861210d18561857inudr ne      0    0eng d</controlfield><datafield ind1=" " ind2=" " tag="010"><subfield code="a">sn 86059079 </subfield></datafield><datafield ind1=" " ind2=" " tag="040"><subfield code="a">NPI</subfield><subfield code="b">eng</subfield><subfield code="c">NPI</subfield><subfield code="d">OCLCQ</subfield></datafield><datafield ind1=" " ind2=" " tag="042"><subfield code="a">msc</subfield></datafield><datafield ind1="0" ind2="4" tag="245"><subfield code="a">The La Fayette daily American.</subfield></datafield><datafield ind1="3" ind2="0" tag="246"><subfield code="a">Lafayette daily American</subfield></datafield><datafield ind1=" " ind2=" " tag="260"><subfield code="a">Lafayette, Ind. :</subfield><subfield code="b">McCollum &amp; William</subfield></datafield><datafield ind1=" " ind2=" " tag="310"><subfield code="a">Daily</subfield></datafield><datafield ind1="1" ind2=" " tag="362"><subfield code="a">Began in 1856; ceased with May 7, 1857 issue.</subfield></datafield><datafield ind1=" " ind2=" " tag="580"><subfield code="a">Also published as weekly ed. called: Tippecanoe American.</subfield></datafield><datafield ind1=" " ind2=" " tag="588"><subfield code="a">Description based on: Vol. 3, no. 35 (Oct. 28, 1856).</subfield></datafield><datafield ind1=" " ind2=" " tag="752"><subfield code="a">United States</subfield><subfield code="b">Indiana</subfield><subfield code="c">Tippecanoe</subfield><subfield code="d">Lafayette.</subfield></datafield><datafield ind1="1" ind2=" " tag="775"><subfield code="t">Tippecanoe American</subfield><subfield code="w">(DLC)sn 86058983</subfield></datafield><datafield ind1="0" ind2="0" tag="780"><subfield code="t">Lafayette American</subfield><subfield code="w">(DLC)sn 84023980</subfield><subfield code="w">(OCoLC)11105492</subfield></datafield><datafield ind1="0" ind2="0" tag="785"><subfield code="t">Lafayette argus</subfield><subfield code="w">(DLC)sn 86059080</subfield></datafield></record>